<?xml version="1.0" encoding="UTF-8" ?><xb:digital_entity_call xmlns:xb="http://com/exlibris/digitool/repository/api/xmlbeans"><xb:digital_entity><pid>134789</pid><control><label>Titulní list</label><note xsi:nil="true" xmlns:xsi="http://www.w3.org/2001/XMLSchema-instance"/><ingest_id>ing5382</ingest_id><ingest_name>ksp_inport</ingest_name><entity_type xsi:nil="true" xmlns:xsi="http://www.w3.org/2001/XMLSchema-instance"/><entity_group xsi:nil="true" xmlns:xsi="http://www.w3.org/2001/XMLSchema-instance"/><usage_type>VIEW</usage_type><preservation_level>any</preservation_level><partition_a xsi:nil="true" xmlns:xsi="http://www.w3.org/2001/XMLSchema-instance"/><partition_b xsi:nil="true" xmlns:xsi="http://www.w3.org/2001/XMLSchema-instance"/><partition_c xsi:nil="true" xmlns:xsi="http://www.w3.org/2001/XMLSchema-instance"/><status xsi:nil="true" xmlns:xsi="http://www.w3.org/2001/XMLSchema-instance"/><creation_date>2010-08-16 15:35:16</creation_date><creator>creator:DUVT</creator><modification_date>2019-05-21 12:24:31</modification_date><modified_by>super:DUVT</modified_by><admin_unit>DUR01</admin_unit></control><mds><md shared="false"><mid>2082965</mid><description xsi:nil="true" xmlns:xsi="http://www.w3.org/2001/XMLSchema-instance"/><name>technical</name><type>text_md</type><value><![CDATA[<?xml version="1.0" encoding="UTF-8"?>
<textmd:textMD xmlns:textmd="http://www.loc.gov/METS/" xmlns:jhove="http://hul.harvard.edu/ois/xml/ns/jhove" xmlns:xsi="http://www.w3.org/2001/XMLSchema-instance" xmlns="http://www.loc.gov/METS/" xsi:schemaLocation="http://www.loc.gov/METS http://dlib.nyu.edu/METS/textmd.xsd">
<textmd:encoding QUALITY="1">
<textmd:encoding_software/>
<textmd:encoding_platform linebreak=""/>
<textmd:encoding_software/>
<textmd:encoding_agent role=""/>
</textmd:encoding>
<textmd:character_info>
<textmd:charset/>
<textmd:byte_order/>
<textmd:character_size encoding=""/>
<textmd:linebreak/>
</textmd:character_info>
<textmd:language/>
<textmd:alt_language authority=""/>
<textmd:font_script/>
<textmd:markup_basis version=""/>
<textmd:markup_language version=""/>
<textmd:processingNote/>
<textmd:printRequirements/>
<textmd:textNote/>
<textmd:viewingRequirements/>
<textmd:file>
<textmd:fileSize>240711</textmd:fileSize>
<textmd:checksum>
<textmd:checksumMethod>CRC32</textmd:checksumMethod>
<textmd:checksumValue>c8bf8ef3</textmd:checksumValue>
</textmd:checksum>
<textmd:checksum>
<textmd:checksumMethod>MD5</textmd:checksumMethod>
<textmd:checksumValue>c5e8f576ae11327f977fb4de68fdaa45</textmd:checksumValue>
</textmd:checksum>
<textmd:checksum>
<textmd:checksumMethod>SHA-1</textmd:checksumMethod>
<textmd:checksumValue>0a5ed6f0291fbfbc433f270894e0b0d114122c6e</textmd:checksumValue>
</textmd:checksum>
<textmd:mimeType>application/pdf</textmd:mimeType>
<textmd:extension/>
</textmd:file>
</textmd:textMD>
]]></value></md><md shared="false"><mid>264560</mid><description xsi:nil="true" xmlns:xsi="http://www.w3.org/2001/XMLSchema-instance"/><name>changehistory</name><type>changehistory_md</type><value><![CDATA[<xb:history xmlns:xb="http://com/exlibris/digitool/repository/api/xmlbeans"><events><event xmlID="1"><eventIdentifier><eventIdentifierType>INGEST ID</eventIdentifierType><eventIdentifierValue>ing5382</eventIdentifierValue></eventIdentifier><eventType>Technical Metadata Extraction</eventType><eventDateTime>2010-08-16T15:14:28.664+02:00</eventDateTime><eventDetail>Add some metadata to the digital entity using jhove</eventDetail><linkingAgentIdentifier><linkingAgentIdentifierType>software_used</linkingAgentIdentifierType><linkingAgentIdentifierValue>JHove</linkingAgentIdentifierValue></linkingAgentIdentifier></event><event xmlID="2"><eventIdentifier><eventIdentifierType>INGEST ID</eventIdentifierType><eventIdentifierValue>ing5382</eventIdentifierValue></eventIdentifier><eventType>Full Text Extraction</eventType><eventDateTime>2010-08-16T15:30:56.121+02:00</eventDateTime><eventDetail>Making a html index file from pdf file</eventDetail><linkingAgentIdentifier><linkingAgentIdentifierType>software_used</linkingAgentIdentifierType><linkingAgentIdentifierValue>pdftotext</linkingAgentIdentifierValue></linkingAgentIdentifier></event></events></xb:history>]]></value></md><md shared="false"><mid>2306158</mid><description> </description><name>descriptive</name><type>marc</type><value><![CDATA[<record xmlns="http://www.loc.gov/MARC21/slim" xmlns:xsi="http://www.w3.org/2001/XMLSchema-instance" xsi:schemaLocation="http://www.loc.gov/MARC21/slim http://www.loc.gov/standards/marcxml/schema/MARC21slim.xsd"><leader>04575ntm a2200433 i 4500</leader><controlfield tag="001">001015653</controlfield><controlfield tag="003">CZ PrCU</controlfield><controlfield tag="005">20090109101225.0</controlfield><controlfield tag="008">170412s2008    xr      r           cze d</controlfield><datafield tag="040" ind1=" " ind2=" "><subfield code="a">ABD107</subfield><subfield code="b">cze</subfield><subfield code="e">rda</subfield></datafield><datafield tag="072" ind1=" " ind2="7"><subfield code="a">352/354</subfield><subfield code="x">Stupně místní, oblastní a ústřední správy</subfield><subfield code="2">Konspekt</subfield><subfield code="9">15</subfield></datafield><datafield tag="100" ind1="1" ind2=" "><subfield code="a">Caletka, Stanislav</subfield><subfield code="4">dis</subfield></datafield><datafield tag="245" ind1="1" ind2="0"><subfield code="a">Teorie a praxe krajského zřízení v České republice - Jihomoravský kraj (případová studie) /</subfield><subfield code="c">Stanislav Caletka ; vedoucí práce Jan Bureš ; oponent práce Lukáš Valeš</subfield></datafield><datafield tag="246" ind1="3" ind2="3"><subfield code="a">Theory and practices of the system of regional self-government in the Czech Republic - the South Moravian region (a case study)</subfield></datafield><datafield tag="300" ind1=" " ind2=" "><subfield code="a">135 s. :</subfield><subfield code="b">map., tab.</subfield></datafield><datafield tag="500" ind1=" " ind2=" "><subfield code="a">Datum obhajoby: 29-09-2008</subfield></datafield><datafield tag="502" ind1=" " ind2=" "><subfield code="a">Diplomová práce (Mgr.)--Univerzita Karlova. Filozofická fakulta, 2008</subfield></datafield><datafield tag="526" ind1="8" ind2=" "><subfield code="a">Politologie</subfield></datafield><datafield tag="526" ind1="8" ind2="1"><subfield code="a">Politologie</subfield></datafield><datafield tag="586" ind1=" " ind2=" "><subfield code="a">Výsledné hodnocení: Výborně</subfield></datafield><datafield tag="520" ind1=" " ind2=" "><subfield code="a">My graduation thesis deals with the theory and practices of regional self- government units in the Czech Republic. It analyses its functions as they were drawn up at the turn of millennium. The graduation thesis consists of two parts. The first theoretical part deals with the function of regional self-government units in general. After a brief description of the history of these units on the Czech territory - with focus on discussions on the establishment of higher self-governmental units in the Chamber of Deputies of the Parliament of the Czech Republic after 1993 - a theoretical framework of the regional self-government units is described in the chapters and sub-chapters. I discuss the problems of functions and competences of regional bodies (the Regional Assembly, the Regional Committee, the President and the Regional Services) and relations among them. The information resources of the first part were especially the Law No 129/2000 Coll. on regional self-government units and a number of scientific publications of legal and political science literature. In addition, there are discussed tasks of regional elections according to the Law No 130/2000 Coll. on elections to the regional assemblies and in respect of results of regional elections in 2000 and 2004. Currently, the chapter focused on regional...</subfield><subfield code="b">Full text of the abstract is available in the Thesis Repository of CU</subfield><subfield code="8">eng</subfield></datafield><datafield tag="520" ind1=" " ind2=" "><subfield code="a">Práce pojednává o teorii a praxi krajského zřízení v České republice. Analyzuje funkci krajského zřízení tak, jak bylo koncipováno na přelomu tisíciletí. Práce se skládá ze dvou částí. První, teoretická část, je věnována obecně fungování krajské samosprávy. Po stručném popisu vývoje krajského zřízení na českém území, s důrazem zejména na diskuse ohledně vytvoření vyšších územně samosprávných celků na půdě Poslanecké sněmovny Parlamentu České republiky po roce 1993, je v jednotlivých kapitolách a podkapitolách blíže popsán teoretický rámec krajského zřízení. Věnuji se především problematice fungování a kompetencí krajských orgánů, tedy zastupitelstvu, radě, hejtmanovi a krajským úřadům, a vazbám mezi těmito složkami. Zdrojem pro první část práce byl zejména zákon o krajích (č. 129/2000 Sb.), ale také celá řada odborných právnických a politologických publikací. Kromě krajských orgánů je také řešena otázka krajských voleb a to z hlediska zákona o volbách do zastupitelstev krajů (č. 130/2000 Sb.), ale také z hlediska volebních výsledků v letech 2000 a 2004. Aktuálně je, v rámci kapitoly věnující se volbám, zařazena také role volební strategie jednotlivých politických stran před krajskými volbami 2008. Zabývám se pouze stranami zastoupenými v Poslanecké sněmovně Parlamentu České republiky. V první části práce...</subfield><subfield code="b">Plný text abstraktu naleznete v Repozitáři závěrečných prací UK</subfield><subfield code="8">cze</subfield></datafield><datafield tag="650" ind1="0" ind2="7"><subfield code="a">kraje</subfield><subfield code="7">ph121922</subfield><subfield code="z">Česko</subfield><subfield code="2">czenas</subfield></datafield><datafield tag="650" ind1="0" ind2="7"><subfield code="a">krajské volby</subfield><subfield code="7">ph136611</subfield><subfield code="y">2000-2008</subfield><subfield code="z">Jihomoravský kraj (Česko)</subfield><subfield code="2">czenas</subfield></datafield><datafield tag="650" ind1="0" ind2="7"><subfield code="a">krajské úřady</subfield><subfield code="7">ph255092</subfield><subfield code="z">Jihomoravský kraj (Česko)</subfield><subfield code="2">czenas</subfield></datafield><datafield tag="650" ind1="0" ind2="4"><subfield code="a">Diplomové práce - IPS</subfield></datafield><datafield tag="700" ind1="1" ind2=" "><subfield code="a">Bureš, Jan,</subfield><subfield code="d">1975-</subfield><subfield code="7">jx20050826005</subfield><subfield code="4">ths</subfield></datafield><datafield tag="710" ind1="2" ind2=" "><subfield code="a">Univerzita Karlova.</subfield><subfield code="b">Ústav politologie</subfield><subfield code="7">ko2003181613</subfield><subfield code="4">dgg</subfield></datafield><datafield tag="850" ind1=" " ind2=" "><subfield code="a">JIN</subfield></datafield><datafield tag="856" ind1="4" ind2="1"><subfield code="u">https://is.cuni.cz/webapps/zzp/detail/62941</subfield><subfield code="y">Zobrazení plného textu (Repozitář závěrečných prací UK)</subfield></datafield><datafield tag="264" ind1=" " ind2="0"><subfield code="c">2008</subfield></datafield><datafield tag="336" ind1=" " ind2=" "><subfield code="a">text</subfield><subfield code="b">txt</subfield><subfield code="2">rdacontent</subfield></datafield><datafield tag="337" ind1=" " ind2=" "><subfield code="a">počítač</subfield><subfield code="b">c</subfield><subfield code="2">rdamedia</subfield></datafield><datafield tag="338" ind1=" " ind2=" "><subfield code="a">online zdroj</subfield><subfield code="b">cr</subfield><subfield code="2">rdacarrier</subfield></datafield><datafield tag="910" ind1=" " ind2=" "><subfield code="a">ABD107</subfield></datafield><datafield tag="997" ind1=" " ind2=" "><subfield code="a">DS</subfield></datafield><datafield tag="988" ind1=" " ind2=" "><subfield code="a">ER</subfield></datafield><datafield tag="998" ind1=" " ind2=" "><subfield code="a">001015653</subfield></datafield><datafield tag="993" ind1=" " ind2="1"><subfield code="1">AUK</subfield><subfield code="2">VSPFF</subfield><subfield code="3">FD-7/08</subfield><subfield code="5">3255330593</subfield><subfield code="f">10</subfield><subfield code="h">Přístupné dle platných zákonů</subfield><subfield code="m">DISER</subfield><subfield code="w">001015653</subfield><subfield code="x">000010</subfield></datafield><datafield tag="SID" ind1=" " ind2=" "><subfield code="a">Z39</subfield><subfield code="b">CKS01</subfield></datafield><controlfield tag="FMT">BK</controlfield></record>]]></value></md></mds><relations><relation><type>manifestation</type><pid>134989</pid></relation><relation><type>part_of</type><pid>135686</pid></relation><relation><type>manifestation</type><pid>526404</pid></relation></relations><stream_ref><file_name>134789_1_ Titul.pdf</file_name><file_extension>pdf</file_extension><mime_type>application/pdf</mime_type><directory_path>/exlibris/dtl/j3_1/digitool/home/system/bin/../../profile/storage/2010/08/16/file_1/134789</directory_path><file_id xsi:nil="true" xmlns:xsi="http://www.w3.org/2001/XMLSchema-instance"/><storage_id>1000</storage_id><external_type>-1</external_type><file_size_bytes>240711</file_size_bytes></stream_ref></xb:digital_entity></xb:digital_entity_call>